<?xml version="1.0" encoding="UTF-8"?><collection xmlns="http://www.loc.gov/MARC21/slim"><record><leader>00393nam--2200121-i-4500</leader><controlfield tag="001">000045997</controlfield><controlfield tag="002">20161230</controlfield><controlfield tag="005">20161230201045</controlfield><controlfield tag="008">060222s1000------------r-----000-0-eng-d</controlfield><datafield ind1=" " ind2=" " tag="080"><subfield code="a">621.38:537.311.33(023)</subfield></datafield><datafield ind1=" " ind2=" " tag="245"><subfield code="a">Understanding solid-state electronics. a self-teaching course in basic semiconductor theory</subfield></datafield><datafield ind1=" " ind2=" " tag="260"><subfield code="a">Dallas, Texas Instruments Learning Center, 1972, Vi + 242p</subfield></datafield><datafield ind1=" " ind2=" " tag="852"><subfield code="a">43096</subfield></datafield></record></collection>